<record><leader>00000cas a2200000 a 4500</leader><controlfield tag="001">33115805</controlfield><controlfield tag="006">m     o  d        </controlfield><controlfield tag="007">cr mnu||||||||</controlfield><controlfield tag="008">950911d19941997coudr neo     0    0eng c</controlfield><datafield ind1=" " ind2=" " tag="010"><subfield code="a">sn 95073018 </subfield><subfield code="z">sn 95703018 </subfield></datafield><datafield ind1=" " ind2=" " tag="040"><subfield code="a">NVG</subfield><subfield code="b">eng</subfield><subfield code="c">NVG</subfield><subfield code="d">DLC</subfield><subfield code="d">OCL</subfield><subfield code="d">NVG</subfield><subfield code="d">DLC</subfield><subfield code="d">OCL</subfield><subfield code="d">OCLCQ</subfield><subfield code="d">OCLCF</subfield><subfield code="d">OCLCO</subfield><subfield code="d">OCLCQ</subfield></datafield><datafield ind1=" " ind2=" " tag="042"><subfield code="a">pcc</subfield></datafield><datafield ind1=" " ind2=" " tag="043"><subfield code="a">n-us-co</subfield></datafield><datafield ind1="0" ind2="0" tag="245"><subfield code="a">GT online :</subfield><subfield code="b">an electronic publication of the Colorado Springs gazette telegraph.</subfield></datafield><datafield ind1="3" ind2="0" tag="246"><subfield code="a">Colorado Springs gazette telegraph</subfield></datafield><datafield ind1=" " ind2=" " tag="260"><subfield code="a">[Colorado Springs, Colo.] :</subfield><subfield code="b">Colorado Springs Gazette Telegraph,</subfield><subfield code="c">-1997.</subfield></datafield><datafield ind1=" " ind2=" " tag="310"><subfield code="a">Daily</subfield></datafield><datafield ind1=" " ind2=" " tag="336"><subfield code="a">text</subfield><subfield code="b">txt</subfield><subfield code="2">rdacontent</subfield></datafield><datafield ind1=" " ind2=" " tag="337"><subfield code="a">computer</subfield><subfield code="b">c</subfield><subfield code="2">rdamedia</subfield></datafield><datafield ind1=" " ind2=" " tag="338"><subfield code="a">online resource</subfield><subfield code="b">cr</subfield><subfield code="2">rdacarrier</subfield></datafield><datafield ind1="1" ind2=" " tag="362"><subfield code="a">Began in Aug. 1994.</subfield></datafield><datafield ind1="0" ind2=" " tag="362"><subfield code="a">-May 5, 1997.</subfield></datafield><datafield ind1=" " ind2=" " tag="500"><subfield code="a">Includes links to additional information and services.</subfield></datafield><datafield ind1=" " ind2=" " tag="500"><subfield code="a">Back issues available online.</subfield></datafield><datafield ind1=" " ind2=" " tag="530"><subfield code="a">Print ed.: Colorado Springs gazette-telegraph.</subfield></datafield><datafield ind1=" " ind2=" " tag="538"><subfield code="a">Mode of access: World Wide Web.</subfield></datafield><datafield ind1=" " ind2=" " tag="588"><subfield code="a">Description based on: Aug. 2, 1995; title from title screen.</subfield></datafield><datafield ind1=" " ind2="0" tag="651"><subfield code="a">Colorado Springs (Colo.)</subfield><subfield code="v">Newspapers.</subfield></datafield><datafield ind1=" " ind2="7" tag="651"><subfield code="a">Colorado</subfield><subfield code="z">Colorado Springs.</subfield><subfield code="2">fast</subfield><subfield code="0">(OCoLC)fst01205930</subfield></datafield><datafield ind1=" " ind2="7" tag="655"><subfield code="a">Newspapers.</subfield><subfield code="2">fast</subfield><subfield code="0">(OCoLC)fst01423814</subfield></datafield><datafield ind1=" " ind2=" " tag="752"><subfield code="a">United States</subfield><subfield code="b">Colorado</subfield><subfield code="c">El Paso</subfield><subfield code="d">Colorado Springs.</subfield></datafield><datafield ind1="1" ind2=" " tag="776"><subfield code="t">Colorado Springs gazette-telegraph</subfield><subfield code="w">(DLC)sn 82015766</subfield></datafield><datafield ind1="0" ind2="0" tag="785"><subfield code="t">Gazette.com</subfield></datafield><datafield ind1="4" ind2=" " tag="856"><subfield code="u">http://www.gazette.com/archive/archive.html</subfield></datafield><datafield ind1="1" ind2=" " tag="029"><subfield code="a">AU@</subfield><subfield code="b">000012147669</subfield></datafield><datafield ind1="1" ind2=" " tag="029"><subfield code="a">NZ1</subfield><subfield code="b">12143314</subfield></datafield><datafield ind1="1" ind2=" " tag="029"><subfield code="a">NZ1</subfield><subfield code="b">14154232</subfield></datafield></record>